<?xml version="1.0" encoding="UTF-8"?><record xmlns="http://www.loc.gov/MARC21/slim" xmlns:cinclude="http://apache.org/cocoon/include/1.0" xmlns:zs="http://www.loc.gov/zing/srw/">
  <leader>00608cz  a2200157n  4500</leader>
  <controlfield tag="001">n  81067643 </controlfield>
  <controlfield tag="003">DLC</controlfield>
  <controlfield tag="005">19960501054020.1</controlfield>
  <controlfield tag="008">810707n| acannaab|          |a aaa      </controlfield>
  <datafield tag="010" ind1=" " ind2=" ">
    <subfield code="a">n  81067643 </subfield>
  </datafield>
  <datafield tag="040" ind1=" " ind2=" ">
    <subfield code="a">DLC</subfield>
    <subfield code="c">DLC</subfield>
    <subfield code="d">NIC</subfield>
  </datafield>
  <datafield tag="100" ind1="0" ind2="0">
    <subfield code="a">Asmah Ahmad</subfield>
  </datafield>
  <datafield tag="400" ind1="1" ind2="0">
    <subfield code="a">Ahmad, Asmah</subfield>
  </datafield>
  <datafield tag="400" ind1="0" ind2="0">
    <subfield code="a">Asma Ahmad</subfield>
  </datafield>
  <datafield tag="670" ind1=" " ind2=" ">
    <subfield code="a">Sidhu, M. S. Sifat geografi penduduk, 1977 (a.e.)</subfield>
    <subfield code="b">t.p. (Asmah Ahmad) p. xiii, etc. (M.Soc.Sc. (Waikato), pensyarah, Jabatan Geografi, Universiti Kebangsaan Malaysia; B.A., Universiti Malaya, b. in Muar)</subfield>
  </datafield>
  <datafield tag="670" ind1=" " ind2=" ">
    <subfield code="a">A modular training programme for development managers, 1986:</subfield>
    <subfield code="b">t.p. (Asma Ahmad)</subfield>
  </datafield>
</record>